<record><leader>00000cas a2200000 a 4500</leader><controlfield tag="001">12881733</controlfield><controlfield tag="008">851207d18781909miucr ne      0    0eng c</controlfield><datafield ind1=" " ind2=" " tag="010"><subfield code="a">sn 85038673 </subfield></datafield><datafield ind1=" " ind2=" " tag="040"><subfield code="a">NPY</subfield><subfield code="b">eng</subfield><subfield code="c">NPY</subfield><subfield code="d">NPX</subfield><subfield code="d">MHN</subfield><subfield code="d">OCL</subfield><subfield code="d">OCLCQ</subfield><subfield code="d">OCLCF</subfield><subfield code="d">OCLCO</subfield></datafield><datafield ind1="1" ind2=" " tag="029"><subfield code="a">AU@</subfield><subfield code="b">000004531242</subfield></datafield><datafield ind1=" " ind2=" " tag="042"><subfield code="a">pcc</subfield></datafield><datafield ind1=" " ind2=" " tag="043"><subfield code="a">n-us-mi</subfield></datafield><datafield ind1="0" ind2=" " tag="130"><subfield code="a">Port Huron weekly times (Port Huron, Mich. : 1878)</subfield></datafield><datafield ind1="1" ind2="0" tag="245"><subfield code="a">Port Huron weekly times.</subfield></datafield><datafield ind1="1" ind2="3" tag="246"><subfield code="a">Port Huron times</subfield></datafield><datafield ind1=" " ind2=" " tag="260"><subfield code="a">Port Huron, Mich. :</subfield><subfield code="b">[s.n.]</subfield></datafield><datafield ind1=" " ind2=" " tag="300"><subfield code="a">v. ;</subfield><subfield code="c">53 cm.</subfield></datafield><datafield ind1=" " ind2=" " tag="310"><subfield code="a">Semiweekly,</subfield><subfield code="b">Aug. 9, 1898-</subfield></datafield><datafield ind1=" " ind2=" " tag="321"><subfield code="a">Weekly,</subfield><subfield code="b">Apr. 4, 1878-Aug. 4, 1898</subfield></datafield><datafield ind1="0" ind2=" " tag="362"><subfield code="a">Vol. 10, no. 40 (Apr. 4, 1878)-v. 28, no. 519 (Aug. 4, 1898) = whole no. 459-1419 ; v. 30, no. 9 (Aug. 9, 1898)-v. 34, no. 12 (Oct. 31, 1902) ; Old ser., v. 34, no. 20 (Nov. 4, 1902)-Old ser., v. 40, no. 85 (Oct. 29, 1909) = New ser., v. 1, no. 1 (Nov. 4, 1902)-new ser., v. 8, no. 21 (Oct. 29, 1909).</subfield></datafield><datafield ind1=" " ind2=" " tag="515"><subfield code="a">Issues for: Aug. 9, 1898-Oct. 31, 1902, use same numbering designation for both issues each week.</subfield></datafield><datafield ind1=" " ind2=" " tag="515"><subfield code="a">Issues for: Nov. 4, 1902-, also called: New series, vol. 1, no. 1-</subfield></datafield><datafield ind1=" " ind2=" " tag="580"><subfield code="a">Daily ed.: Port Huron daily times (Port Huron, Mich. : 1872).</subfield></datafield><datafield ind1=" " ind2="0" tag="651"><subfield code="a">Port Huron (Mich.)</subfield><subfield code="v">Newspapers.</subfield></datafield><datafield ind1=" " ind2="0" tag="651"><subfield code="a">Saint Clair County (Mich.)</subfield><subfield code="v">Newspapers.</subfield></datafield><datafield ind1=" " ind2="7" tag="655"><subfield code="a">Newspapers.</subfield><subfield code="2">fast</subfield><subfield code="0">(OCoLC)fst01423814</subfield></datafield><datafield ind1=" " ind2="7" tag="651"><subfield code="a">Michigan</subfield><subfield code="z">Port Huron.</subfield><subfield code="2">fast</subfield><subfield code="0">(OCoLC)fst01224208</subfield></datafield><datafield ind1=" " ind2="7" tag="651"><subfield code="a">Michigan</subfield><subfield code="z">Saint Clair County.</subfield><subfield code="2">fast</subfield><subfield code="0">(OCoLC)fst01218750</subfield></datafield><datafield ind1=" " ind2=" " tag="752"><subfield code="a">United States</subfield><subfield code="b">Michigan</subfield><subfield code="c">Saint Clair</subfield><subfield code="d">Port Huron.</subfield></datafield><datafield ind1="1" ind2=" " tag="775"><subfield code="t">Port Huron daily times</subfield><subfield code="w">(DLC)sn 85033798</subfield><subfield code="w">(OCoLC)12267844</subfield></datafield><datafield ind1="0" ind2="0" tag="780"><subfield code="t">Port Huron times (Port Huron, Mich. : 1872)</subfield><subfield code="w">(DLC)sn 96077476</subfield><subfield code="w">(OCoLC)36171875</subfield></datafield><datafield ind1="0" ind2="0" tag="785"><subfield code="t">Port Huron twice-a-week times</subfield><subfield code="w">(DLC)sn 96077477</subfield><subfield code="w">(OCoLC)36172295</subfield></datafield></record>